@article{hancock2011meta,
  title={A meta-analysis of factors affecting trust in human-robot interaction},
  author={Hancock, Peter A and Billings, Deborah R and Schaefer, Kristin E and Chen, Jessie YC and De Visser, Ewart J and Parasuraman, Raja},
  journal={Human Factors: The Journal of the Human Factors and Ergonomics Society},
  volume={53},
  number={5},
  pages={517--527},
  year={2011},
  publisher={SAGE Publications}
}

@inproceedings{malle2015sacrifice,
  title={Sacrifice One For the Good of Many? People Apply Different Moral Norms to Human and Robot Agents},
  author={Malle, Bertram F and Scheutz, Matthias and Voiklis, John},
  booktitle={Proceedings of the Tenth Annual ACM/IEEE International Conference on Human-Robot Interaction},
  pages={117--124},
  year={2015},
  organization={ACM}
}

@article{yamagishi2005separating,
  title={Separating Trust from Cooperation in a Dynamic Relationship Prisoner's Dilemma with Variable Dependence},
  author={Yamagishi, Toshio and Kanazawa, Satoshi and Mashima, Rie and Terai, Shigeru},
  journal={Rationality and Society},
  volume={17},
  number={3},
  pages={275--308},
  year={2005},
  publisher={Sage Publications}
}

@article{rotter1967new,
  title={A new scale for the measurement of interpersonal trust.},
  author={Rotter, Julian},
  journal={Journal of personality},
  year={1967},
  publisher={Blackwell Publishing}
}

@article{lee2004trust,
  title={Trust in automation: Designing for appropriate reliance},
  author={Lee, John D and See, Katrina A},
  journal={Human Factors: The Journal of the Human Factors and Ergonomics Society},
  volume={46},
  number={1},
  pages={50--80},
  year={2004},
  publisher={SAGE Publications}
}

@article{yagoda2012you,
  title={You want me to trust a ROBOT? The development of a human--robot interaction trust scale},
  author={Yagoda, Rosemarie E and Gillan, Douglas J},
  journal={International Journal of Social Robotics},
  volume={4},
  number={3},
  pages={235--248},
  year={2012},
  publisher={Springer}
}

@inproceedings{billings2012human,
  title={Human-robot interaction: developing trust in robots},
  author={Billings, Deborah R and Schaefer, Kristin E and Chen, Jessie YC and Hancock, Peter A},
  booktitle={Proceedings of the seventh annual ACM/IEEE international conference on Human-Robot Interaction},
  pages={109--110},
  year={2012},
  organization={ACM}
}

@article{myerson1991game,
  title={Game theory: analysis of conflict},
  author={Myerson, Roger B},
  journal={Harvard University},
  year={1991}
}

@article{casper2003human,
  title={Human-robot interactions during the robot-assisted urban search and rescue response at the World Trade Center},
  author={Casper, Jennifer and Murphy, Robin Roberson},
  journal={Systems, Man, and Cybernetics, Part B: Cybernetics, IEEE Transactions on},
  volume={33},
  number={3},
  pages={367--385},
  year={2003},
  publisher={IEEE}
}

@article{muir1987trust,
  title={Trust between humans and machines, and the design of decision aids},
  author={Muir, Bonnie M},
  journal={International Journal of Man-Machine Studies},
  volume={27},
  number={5},
  pages={527--539},
  year={1987},
  publisher={Elsevier}
}

@book{broz2008planning,
  title={Planning for human-robot interaction: representing time and human intention},
  author={Broz, Frank},
  year={2008},
  publisher={ProQuest}
}

@inproceedings{mathur2009uncanny,
  title={An uncanny game of trust: social trustworthiness of robots inferred from subtle anthropomorphic facial cues},
  author={Mathur, Maya B and Reichling, David B},
  booktitle={Proceedings of the 4th ACM/IEEE international conference on Human robot interaction},
  pages={313--314},
  year={2009},
  organization={ACM}
}

@article{dasgupta2000trust,
  title={Trust as a commodity},
  author={Dasgupta, Partha},
  journal={Trust: Making and breaking cooperative relations},
  volume={4},
  pages={49--72},
  year={2000},
  publisher={Citeseer}

@article{crump2013evaluating,
  title={Evaluating Amazon’s Mechanical Turk as a tool for experimental behavioral research},
  author={Crump, Matthew JC and McDonnell, John V and Gureckis, Todd M},
  journal={PloS one},
  volume={8},
  number={3},
  pages={e57410},
  year={2013},
  publisher={Public Library of Science}
}

@article{mason2012conducting,
  title={Conducting behavioral research on Amazon’s Mechanical Turk},
  author={Mason, Winter and Suri, Siddharth},
  journal={Behavior research methods},
  volume={44},
  number={1},
  pages={1--23},
  year={2012},
  publisher={Springer}
}

@article{arras2000we,
  title={Do we want to share our lives and bodies with robots},
  author={Arras, KO and Cerqui, D},
  journal={A 2000-people survey, Technical Report Nr. 0605-001 Autonomous Systems Lab Swiss Federal Institute of Technology},
  year={2000}
}

@article{jian2000foundations,
  title={Foundations for an empirically determined scale of trust in automated systems},
  author={Jian, Jiun-Yin and Bisantz, Ann M and Drury, Colin G},
  journal={International Journal of Cognitive Ergonomics},
  volume={4},
  number={1},
  pages={53--71},
  year={2000},
  publisher={Taylor \& Francis}
}

@article{axelrod1981evolution,
  title={The evolution of cooperation},
  author={Axelrod, Robert and Hamilton, William Donald},
  journal={Science},
  volume={211},
  number={4489},
  pages={1390--1396},
  year={1981},
  publisher={American Association for the Advancement of Science}
}

@incollection{lee2008human,
  title={Human--Robot Interaction as a Cooperative Game},
  author={Lee, Kang Woo and Hwang, Jeong-Hoon},
  booktitle={Trends in Intelligent Systems and Computer Engineering},
  pages={91--103},
  year={2008},
  publisher={Springer}
}

